<?xml version="1.0" encoding="UTF-8"?><collection xmlns="http://www.loc.gov/MARC21/slim"><record><leader>00378nam--2200133-i-4500</leader><controlfield tag="001">000029595</controlfield><controlfield tag="002">20161230</controlfield><controlfield tag="005">20161230201037</controlfield><controlfield tag="008">060222s1000------------r-----000-0-eng-d</controlfield><datafield ind1=" " ind2=" " tag="245"><subfield code="a">Lecture notes in mathematics. vol.232:tauberian remainder theorems</subfield></datafield><datafield ind1=" " ind2=" " tag="260"><subfield code="a">Berlin, Springer-verlag, 1971</subfield></datafield><datafield ind1=" " ind2=" " tag="700"><subfield code="a">Tord, H.Ganelius</subfield></datafield><datafield ind1=" " ind2=" " tag="852"><subfield code="a">77611</subfield><subfield code="c">517.5</subfield></datafield><datafield ind1=" " ind2=" " tag="CAT"><subfield code="a">Sys</subfield><subfield code="c">20080812</subfield><subfield code="h">094255</subfield></datafield></record></collection>